@Book{GILBERT1,
   author = {Gerhard Haßlinger and Oliver Hohlfeld},
   title = {{The Gilbert-Elliott Model for Packet Loss in Real Time Services on the Internet}},
   howpublished = {Measuring, Modelling and Evaluation of Computer and Communication Systems (MMB), 2008 14th GI/ITG Conference},
   month = {} #mar,
   year = 2008
}

@Book{GILBERT2,
   author = {Mordechai Mushkin and Israel Bar-David},
   title = {{Capacity and Coding for the Gilbert-Elliott Channels}},
   howpublished = {IEEE Transactions on Information Theory, Vol. 35},
   month = {} #nov,
   year = 1989
}

@Article{GILBERT3,
   author = {Jeff McDougall, Scott Miller},
   title = {{Sensitivity of Wireless Network Simulations to a Two-State Markov Model Channel Approximation}},
   howpublished = {GLOBECOM},
   year = 2003
}

@Book{KROELL,
   author = {Christoph Kroell},
   title = {{Digitale symmetrische gedächtnisbehaftete Übertragungskanäle}},
   howpublished = {Dissertation, TU Darmstadt},
   year = 1992
}

@Book{OSMANN,
   author = {Claudia Osmann},
   title = {{Bewertung von Codierverfahren für einen störungssicheren Datentransfer}},
   publisher = {Dissertation, Gerhard-Mercator Universität Duisburg},
   year = 1999
}

@Book{SCHWAB,
   author = {Adolf J. Schwab and Wolfgang Kuerner},
   title = {{Elektromagnetische Verträglichkeit}},
   publisher = {Springer},
   year = 2011
}

@Article{OPENSAFETY,
   author = {EPSG (Ethernet POWERLINK Standardisation Group)},
   title = {{openSAFETY: Safety Profile Specification, Version 1.4}},
   year = 2013
}

@Book{KNUTH,
   author = {Donald Knuth},
   title = {{Concrete Mathematics -- A Foundation for Computer Science}},
   year = 1994,
   isbn = {978-0201558029}
}

@Book{IEC61784,
   author = {IEC61784:},
   title = {{Industrial communication networks - Profiles - Part 3: Functional safety fieldbuses - General rules and profile definitions}},
   year = 2014
}

@Book{EN611312,
   author = {EN61131-2: },
   title = {{Programmable controllers - Part 2: Equipment requirements and test}},
   year = 2008
}

@Book{EN611316,
   author = {EN61313-6:},
   title = {{ Programmable controllers - Part 6: Functional safety}},
   year = 2008
}
